<?xml version="1.0" encoding="UTF-8"?><record xmlns="http://www.loc.gov/MARC21/slim" xmlns:cinclude="http://apache.org/cocoon/include/1.0" xmlns:zs="http://www.loc.gov/zing/srw/">
  <leader>01059cz  a2200229n  4500</leader>
  <controlfield tag="001">nr 95023680 </controlfield>
  <controlfield tag="003">DLC</controlfield>
  <controlfield tag="005">20100527075952.0</controlfield>
  <controlfield tag="008">950627nc acannaabn          |a ana      </controlfield>
  <datafield tag="010" ind1=" " ind2=" ">
    <subfield code="a">nr 95023680 </subfield>
  </datafield>
  <datafield tag="034" ind1=" " ind2=" ">
    <subfield code="d">E1044559</subfield>
    <subfield code="e">E1044559</subfield>
    <subfield code="f">N0292231</subfield>
    <subfield code="g">N0292231</subfield>
    <subfield code="2">geonames</subfield>
  </datafield>
  <datafield tag="035" ind1=" " ind2=" ">
    <subfield code="a">(OCoLC)oca03866010</subfield>
  </datafield>
  <datafield tag="040" ind1=" " ind2=" ">
    <subfield code="a">DLC-R</subfield>
    <subfield code="b">eng</subfield>
    <subfield code="c">DLC-R</subfield>
    <subfield code="d">DLC</subfield>
    <subfield code="d">OCoLC</subfield>
    <subfield code="d">DLC-R</subfield>
    <subfield code="d">DLC</subfield>
    <subfield code="d">OCoLC</subfield>
  </datafield>
  <datafield tag="043" ind1=" " ind2=" ">
    <subfield code="a">a-cc-sz</subfield>
  </datafield>
  <datafield tag="151" ind1=" " ind2=" ">
    <subfield code="a">Da'an Qu (Zigong Shi, China)</subfield>
  </datafield>
  <datafield tag="410" ind1="1" ind2=" ">
    <subfield code="a">Zigong Shi (China).</subfield>
    <subfield code="b">Da'an Qu</subfield>
  </datafield>
  <datafield tag="451" ind1=" " ind2=" ">
    <subfield code="w">nne</subfield>
    <subfield code="a">Ta-an chʻü (Zigong, China)</subfield>
  </datafield>
  <datafield tag="667" ind1=" " ind2=" ">
    <subfield code="a">SUBJECT USAGE: This heading is not valid for use as a geographic subdivision.</subfield>
  </datafield>
  <datafield tag="670" ind1=" " ind2=" ">
    <subfield code="a">Ta-an chʻü chih, 1991:</subfield>
    <subfield code="b">t.p. (Ta-an chʻü) p. 1 (loc. in northwest Tzu-kung shih)</subfield>
  </datafield>
  <datafield tag="670" ind1=" " ind2=" ">
    <subfield code="a">Chung-kuo hsien shih cheng chʻü tzu liao shou tsʻe, 1986</subfield>
    <subfield code="b">(Ssu-chʻuan sheng, Tzu-kung shih, Ta-an chʻü)</subfield>
  </datafield>
  <datafield tag="670" ind1=" " ind2=" ">
    <subfield code="a">Zhonghua Renmin Gongheguo di ming da ci dian, 2000:</subfield>
    <subfield code="b">p. 4160 (Da'an Qu: Zigong Shi xia qu; named Da'an Qu in 1955)</subfield>
  </datafield>
  <datafield tag="670" ind1=" " ind2=" ">
    <subfield code="a">GeoNames, algorithmically matched, 2009</subfield>
    <subfield code="b">(adm3; 29°22ʹ31ʺN 104°45ʹ59ʺE)</subfield>
  </datafield>
</record>